@string {PNAS = "Proceedings of the National Academy of Sciences (PNAS)"}
% CV
@string {PAMI = "Transactions on Pattern Analysis and Machine Intelligence (TPAMI)"}
@string {IJCV = "International Journal of Computer Vision (IJCV)"}
@string {CVIU = "Computer Vision and Image Understanding (CVIU)"}
@string {TIP = "Transactions on Image Processing (TIP)"}
@string {CVPR = "Conference on Computer Vision and Pattern Recognition (CVPR)"}
@string {ICCV = "International Conference on Computer Vision (ICCV)"}
@string {ECCV = "European Conference on Computer Vision (ECCV)"}
@string {ACCV = "Asian Conference on Computer Vision (ACCV)"}
@string {BMVC = "British Machine Vision Conference (BMVC)"}
@string {WACV = "Proceedings of Winter Conference on Applications of Computer Vision (WACV)"}
% ML
@string {JMLR = "Journal of Machine Learning Research (JMLR)"}
@string {NIPS = "Advances in Neural Information Processing Systems (NeurIPS)"}
@string {ICML = "International Conference on Machine Learning (ICML)"}
@string {ICLR = "International Conference on Learning Representations (ICLR)"}
% AI
@string {JAIR = "Journal of Artificial Intelligence Research (JAIR)"}
@string {AIJ = "Artificial Intelligence (AI)"}
@string {AAAI = "AAAI Conference on Artificial Intelligence (AAAI)"}
@string {IJCAI = "International Joint Conference on Artificial Intelligence (IJCAI)"}
@string {AISTATS = "International Conference on Artificial Intelligence and Statistics (AISTATS)"}
% Robotics
@string {ICUAS= "International Conference on Unmanned Aircraft Systems (ICUAS)"}
@string {RA-L = "IEEE Robotics and Automation Letters (RA-L)"}
@string {RA-M  = "IEEE Robotics and Automation Magazine (RA-M)"}
@string {TMECH  = "IEEE/ASME Transactions on Mechatronics (TMECH)"}
@string {IJRR = "International Journal of Robotics Research (IJRR)"}
@string {TRO = "Transactions on Robotics (T-RO)"}
@string {RA-L = "IEEE Robotics and Automation Letters (RA-L)"}
@string {IROS = "International Conference on Intelligent Robots and Systems (IROS)"}
@string {ICRA = "International Conference on Robotics and Automation (ICRA)"}
@string {RSS = "Robotics: Science and Systems (RSS)"}
@string {CoRL = "Conference on Robot Learning (CoRL)"}
@string {ROMAN = "International Symposium on Robot and Human Interactive Communication (RO-MAN)"}
@string {HRI = "ACM/IEEE International Conference on Human-Robot Interaction (HRI)"}
% NLP
@string {TACL = "Transactions of the Association for Computational Linguistics (TACL)"}
@string {ACL = "Annual Meeting of the Association for Computational Linguistics (ACL)"}
@string {EMNLP = "Annual Conference on Empirical Methods in Natural Language Processing (EMNLP)"}
@string {NAACL = "North American Chapter of the Association for Computational Linguistics: Human Language Technologies (NAACL-HLT)"}
@string {COLING = "International Conference on Computational Linguistics (COLING)"}
@string {CoNLL = "Conference on Computational Natural Language Learning (CoNLL)"}
@string {SIGDial = "Annual Meeting of the Special Interest Group on Discourse and Dialogue (SIGDial)"}
% Psychology
@string {CogSci = "Annual Meeting of the Cognitive Science Society (CogSci)"}
% Graphics
@string {TOG = "ACM Transactions on Graphics (TOG)"}
@string {TVCG = "IEEE Transactions on Visualization and Computer Graph (TVCG)"}
@string {SCA = "ACM SIGGRAPH / Eurographics Symposium on Computer Animation (SCA)"}
@string {ThreeDV = "International Conference on 3D Vision (3DV)"}
@string {CGF = "Computer Graphics Forum (CGF)"}
% HCI
@string {CHI = "ACM Conference on Human Factors in Computing Systems (CHI)"}
@string {UbiComp = "ACM on Interactive, Mobile, Wearable and Ubiquitous Technologies (UbiComp)"}
@string {UIST = "ACM Symposium on User Interface Software and Technology (UIST)"}
% Others
@string {AAMAS = "International Conference on Autonomous Agents and Multiagent Systems (AAMAS)"}
@string {KDD = "ACM SIGKDD International Conference on Knowledge Discovery and Data Mining (KDD)"}


@article{premack1978does,
  title={Does the chimpanzee have a theory of mind?},
  author={Premack, David and Woodruff, Guy},
  journal={Behavioral and brain sciences},
  volume={1},
  number={4},
  pages={515--526},
  year={1978},
  publisher={Cambridge University Press}
}

@book{houde2022cambridge,
  title={The Cambridge handbook of cognitive development},
  author={Houd{\'e}, Olivier and Borst, Gr{\'e}goire},
  year={2022},
  publisher={Cambridge University Press}
}


@article{herrmann2007humans,
  title={Humans have evolved specialized skills of social cognition: The cultural intelligence hypothesis},
  author={Herrmann, Esther and Call, Josep and Hern{\'a}ndez-Lloreda, Mar{\'\i}a Victoria and Hare, Brian and Tomasello, Michael},
  journal={science},
  volume={317},
  number={5843},
  pages={1360--1366},
  year={2007},
  publisher={American Association for the Advancement of Science}
}

@inproceedings{rabinowitz2018machine,
  title={Machine theory of mind},
  author={Rabinowitz, Neil and Perbet, Frank and Song, Francis and Zhang, Chiyuan and Eslami, SM Ali and Botvinick, Matthew},
  booktitle={International conference on machine learning},
  pages={4218--4227},
  year={2018},
  organization={PMLR}
}
@article{suchow2017evolution,
  title={Evolution in mind: Evolutionary dynamics, cognitive processes, and bayesian inference},
  author={Suchow, Jordan W and Bourgin, David D and Griffiths, Thomas L},
  journal={Trends in cognitive sciences},
  volume={21},
  number={7},
  pages={522--530},
  year={2017},
  publisher={Elsevier}
}

@article{doshi2020recursively,
  title={Recursively modeling other agents for decision making: A research perspective},
  author={Doshi, Prashant and Gmytrasiewicz, Piotr and Durfee, Edmund},
  journal={Artificial Intelligence},
  volume={279},
  pages={103202},
  year={2020},
  publisher={Elsevier}
}

@article{royzman2003know,
  title={“I know, you know”: Epistemic egocentrism in children and adults},
  author={Royzman, Edward B and Cassidy, Kimberly Wright and Baron, Jonathan},
  journal={Review of General Psychology},
  volume={7},
  number={1},
  pages={38--65},
  year={2003},
  publisher={SAGE Publications Sage CA: Los Angeles, CA}
}

@article{murphy2009beyond,
  title={Beyond Asimov: The three laws of responsible robotics},
  author={Murphy, Robin and Woods, David D},
  journal={IEEE intelligent systems},
  volume={24},
  number={4},
  pages={14--20},
  year={2009},
  publisher={IEEE}
}

@book{Simon1997,
  title={Administrative behavior},
  author={Simon, Herbert A},
  year={2013},
  publisher={Simon and Schuster}
}

@inproceedings{Khalvati2019,
  title={Bayesian theory of mind: Modeling joint belief-desire attribution},
  author={Baker, Chris and Saxe, Rebecca and Tenenbaum, Joshua},
  booktitle={Proceedings of the annual meeting of the cognitive science society},
  volume={33},
  year={2011}
}

@book{Tomasello2018,
  title={The cultural origins of human cognition},
  author={Tomasello, Michael},
  year={2009},
  publisher={Harvard university press}
}

@book{Sebanz2003,
  title={Joint attention: Its origins and role in development},
  author={Moore, Chris and Dunham, Philip J and Dunham, Phil},
  year={2014},
  publisher={Psychology Press}
}